<record><leader>00000cas a22000007a 4500</leader><controlfield tag="001">39978141</controlfield><controlfield tag="008">981002d18821uuucauwr ne      0    0eng d</controlfield><datafield ind1=" " ind2=" " tag="010"><subfield code="a">sn 98061912 </subfield></datafield><datafield ind1=" " ind2=" " tag="040"><subfield code="a">CNK</subfield><subfield code="b">eng</subfield><subfield code="c">CNK</subfield><subfield code="d">OCLCQ</subfield></datafield><datafield ind1=" " ind2=" " tag="042"><subfield code="a">msc</subfield></datafield><datafield ind1="0" ind2=" " tag="130"><subfield code="a">Weekly sunbeam (Sonoma, Calif.)</subfield></datafield><datafield ind1="1" ind2="4" tag="245"><subfield code="a">The weekly sunbeam.</subfield></datafield><datafield ind1=" " ind2=" " tag="260"><subfield code="a">Locust Grove [Sonoma, Calif.] :</subfield><subfield code="b">W. Strauch &amp; Co.</subfield></datafield><datafield ind1=" " ind2=" " tag="300"><subfield code="a">v.</subfield></datafield><datafield ind1=" " ind2=" " tag="310"><subfield code="a">Weekly</subfield></datafield><datafield ind1="1" ind2=" " tag="362"><subfield code="a">Began in 1882.</subfield></datafield><datafield ind1=" " ind2=" " tag="588"><subfield code="a">Description based on: Vol. 1, no. 16 (Dec. 26, 1882).</subfield></datafield><datafield ind1=" " ind2="4" tag="651"><subfield code="a">Locust Grove (Sonoma, Calif.)</subfield><subfield code="v">Newspapers.</subfield></datafield><datafield ind1=" " ind2=" " tag="752"><subfield code="a">United States</subfield><subfield code="b">California</subfield><subfield code="c">Sonoma</subfield><subfield code="d">Sonoma.</subfield></datafield><datafield ind1="1" ind2=" " tag="029"><subfield code="a">AU@</subfield><subfield code="b">000014247760</subfield></datafield></record>